<?xml version="1.0" encoding="UTF-8"?><collection><record><leader>02620ntm a2200445 a 4500</leader><controlfield tag="001">002583097</controlfield><controlfield tag="003">MiAaHDL</controlfield><controlfield tag="005">20190719000000.0</controlfield><controlfield tag="006">m        d        </controlfield><controlfield tag="007">cr bn ---auaua</controlfield><controlfield tag="008">921209s1572    xx            00||  ara d</controlfield><datafield tag="035" ind1=" " ind2=" "><subfield code="a">(MiU)002583097</subfield></datafield><datafield tag="035" ind1=" " ind2=" "><subfield code="a">sdr-miu002583097</subfield></datafield><datafield tag="035" ind1=" " ind2=" "><subfield code="a">(OCoLC)34365425</subfield></datafield><datafield tag="035" ind1=" " ind2=" "><subfield code="a">(RLIN)MIUH92-A46</subfield></datafield><datafield tag="040" ind1=" " ind2=" "><subfield code="a">MiU</subfield><subfield code="c">MiU</subfield><subfield code="e">appm</subfield><subfield code="d">MiU</subfield></datafield><datafield tag="100" ind1="1" ind2=" "><subfield code="6">880-01</subfield><subfield code="a">Ibn Zurayq, Muḥammad ibn ʻAlī al-Khayrī al-Jabartī,</subfield><subfield code="d">d. 1400.</subfield></datafield><datafield tag="240" ind1="1" ind2="3"><subfield code="6">880-02</subfield><subfield code="a">al-Nashr al-muṭayyab fī al-ʻamal bi-al-rubʻ al-mujayyab</subfield></datafield><datafield tag="245" ind1="1" ind2="3"><subfield code="6">880-03</subfield><subfield code="a">al-Sirr al-muṭayyab fī al-ʻamal bi-al-rubʻ al-mujayyab :</subfield><subfield code="k">manuscript,</subfield><subfield code="f">[1572?].</subfield></datafield><datafield tag="300" ind1=" " ind2=" "><subfield code="a">1</subfield><subfield code="f">v. ([30] p. in 8 lvs.) :</subfield><subfield code="b">ill. ;</subfield><subfield code="c">22 cm.</subfield></datafield><datafield tag="500" ind1=" " ind2=" "><subfield code="a">Watermark: Three crescents. See Edward Heawood, Watermarks, Mainly of the 17th and 18th Centuries (Hilversum, 1950), p. 24.</subfield></datafield><datafield tag="500" ind1=" " ind2=" "><subfield code="a">Contains diagrams and tables.</subfield></datafield><datafield tag="500" ind1=" " ind2=" "><subfield code="a">Text rubricated; marginal corrections in hand of copyist (same as that of Mich. Isl. Ms. 723,2).</subfield></datafield><datafield tag="500" ind1=" " ind2=" "><subfield code="a">Date and name of copyist in colophon: tammat hādhihi risālah ... ʻalá yad kātibihā al-faqīr ilá Allāh ... Muḥammad ʻIrāqī al-Shiblanjī[?] ... wa-kāna dhālik fī 24 Rabīʻ al-awwal sanat 98[0?] [4 August 1572?].</subfield></datafield><datafield tag="500" ind1=" " ind2=" "><subfield code="a">For another copy of this text see Mich. Isl. Ms. 835,11.</subfield></datafield><datafield tag="500" ind1=" " ind2=" "><subfield code="a">Pp. [4-24]. Bound with: Risālah mukhtaṣarah fī al-rubʻ al-mashhūr bi-al-muqanṭarāt, pp. [24-30].</subfield></datafield><datafield tag="510" ind1="4" ind2=" "><subfield code="a">GAL,</subfield><subfield code="c">Suppl. II, p. 157; King, Survey, p. 87.</subfield></datafield><datafield tag="520" ind1=" " ind2=" "><subfield code="a">"A treatise on the use of the sinuated quadrant."</subfield></datafield><datafield tag="538" ind1=" " ind2=" "><subfield code="a">Mode of access: Internet.</subfield></datafield><datafield tag="541" ind1=" " ind2=" "><subfield code="d">07/--/36</subfield><subfield code="3">Manuscript</subfield><subfield code="a">McGregor Fund</subfield><subfield code="c">Purchase, 1933/34</subfield><subfield code="h">50 p.t.</subfield></datafield><datafield tag="545" ind1=" " ind2=" "><subfield code="a">Imam at the Umayyad Mosque in Damascus.</subfield></datafield><datafield tag="561" ind1=" " ind2=" "><subfield code="a">Purchased in Cairo, 1933/34. Owner's mark: on p. [1], manuscript notes in handwriting of Max Meyerhof.</subfield></datafield><datafield tag="650" ind1=" " ind2="0"><subfield code="a">Astronomical instruments</subfield><subfield code="y">Early works to 1800.</subfield></datafield><datafield tag="650" ind1=" " ind2="0"><subfield code="a">Quadrants (Astronomical instruments)</subfield><subfield code="v">Early works to 1800.</subfield></datafield><datafield tag="650" ind1=" " ind2="0"><subfield code="a">Astronomy, Arab</subfield><subfield code="y">Early works to 1800.</subfield></datafield><datafield tag="650" ind1=" " ind2="0"><subfield code="a">Manuscripts, Arabic</subfield><subfield code="z">Michigan</subfield><subfield code="z">Ann Arbor.</subfield></datafield><datafield tag="700" ind1="1" ind2=" "><subfield code="a">Meyerhof, Max,</subfield><subfield code="d">1874-1945,</subfield><subfield code="e">former owner.</subfield></datafield><datafield tag="773" ind1="0" ind2=" "><subfield code="7">unbc</subfield><subfield code="a">Tracy W. McGregor Collection of Arabic, Persian, and Turkish Mathematical and Astronomical Manuscripts.</subfield><subfield code="w">(CStRLIN)MIUH92-A20.</subfield></datafield><datafield tag="880" ind1="1" ind2="2"><subfield code="6">245-03/</subfield><subfield code="a">السر المطيب في العمل بالربع المجيب :</subfield><subfield code="k">manuscript،</subfield><subfield code="f">[1572?].</subfield></datafield><datafield tag="880" ind1="1" ind2="2"><subfield code="6">240-02/</subfield><subfield code="a">النشر المطيب في العمل بالربع المجيب</subfield></datafield><datafield tag="880" ind1="0" ind2=" "><subfield code="6">100-01/</subfield><subfield code="a">محمد بن علي الخيري الجبرتي بن زريق.</subfield></datafield><datafield tag="CID" ind1=" " ind2=" "><subfield code="a">002583097</subfield></datafield><datafield tag="DAT" ind1="0" ind2=" "><subfield code="a">20190719102632.0</subfield><subfield code="b">20190719000000.0</subfield></datafield><datafield tag="DAT" ind1="1" ind2=" "><subfield code="a">20190719090653.0</subfield><subfield code="b">2019-07-19T16:10:34Z</subfield></datafield><datafield tag="DAT" ind1="2" ind2=" "><subfield code="a">2015-10-02T18:00:03Z</subfield></datafield><datafield tag="CAT" ind1=" " ind2=" "><subfield code="a">SDR-MIU</subfield><subfield code="d">EX LIBRIS - ALEPH</subfield><subfield code="l">prepare.pl-004-008</subfield></datafield><datafield tag="FMT" ind1=" " ind2=" "><subfield code="a">BK</subfield></datafield><datafield tag="HOL" ind1=" " ind2=" "><subfield code="0">sdr-miu002583097</subfield><subfield code="a">MiU</subfield><subfield code="b">SDR</subfield><subfield code="c">MIU</subfield><subfield code="p">mdp.39015081447883</subfield><subfield code="s">MIU</subfield><subfield code="1">002583097</subfield></datafield><datafield tag="974" ind1=" " ind2=" "><subfield code="b">MIU</subfield><subfield code="c">MIU</subfield><subfield code="d">20190719</subfield><subfield code="s">lit-dlps-dc</subfield><subfield code="u">mdp.39015081447883</subfield><subfield code="y">1572</subfield><subfield code="r">pd</subfield><subfield code="q">bib</subfield><subfield code="t">non-US bib date1 &lt; 1896</subfield></datafield></record></collection>